@article{kaustubh2023,
    author  = "Kaustubh Roy",
    title   = "Project Polar",
    year    = "2023",
}
